% bibliography

% internet
@ONLINE{bib:www:reibbelag,
	author={LEICHT GmbH},
	title={Reibbelag LR353-Technische Daten | Reibwerkstoff: Bremsbelag-Kupplungsbelag},
	url={http://www.leicht-gmbh.de/cms/Werkstoffe/LR353/index1-a-45.html},
	urldate={2017-11-25}
}
@ONLINE{bib:www:LFD_Produktkatalog,
	author={LFD Wälzlager},
	title={Produktkatalog Rillenkugellager},
	url={http://www.kugellager-katalog.de/media/files/lfd-kugellagerkatalog-de.pdf},
	urldate={2017-12-10}
}
@ONLINE{bib:www:bpmn,
	author={Object Management Group},
	title={Business Process Model and Notation (BPMN)},
	url={http://www.omg.org/spec/BPMN/2.0/PDF},
	urldate={2017-07-17}

}
% literatur


@BOOK{bib:fischer:tabellenbuchMetall,
	author={Ulrich Fischer},
	title={Tabellenbuch Metall},
	year={2014},
	publisher={Europa Lehrmittel},
	isbn={978-3-8085-1676-8}
}
@BOOK{bib:roloffMatek:maschinenelemente,
	author={Herbert Wittel and Dieter Jannasch and Joachim Voßkiek},
	title={Roloff/Matek Maschinenelemente},
	subtitle={Normung Berechnung Gestaltung},
	year={2015},
	publisher={Springer Vieweg},
	isbn={978-3-658-09081-4}
}
@BOOK{bib:roloffMatek:tabellenbuch,
	author={Herbert Wittel and Dieter Jannasch and Joachim Voßkiek and Dieter Muhs},
	title={Roloff/Matek Maschinenelemente},
	subtitle={Tabellenbuch},
	year={2015},
	publisher={Springer Vieweg},
	isbn={978-3-658-09081-4}
}

@REPORT{bib:lachmayer:kl1,
	author={Prof. Dr. Roland Lachmayer},
	title={Konstruktion, Gestaltung und Herstellung von Produkten I},
	type={Script},
	year={2016},
	institution={Institut für Produktentwicklung und Gerätebau}
}

@REPORT{bib:denkena:kl2,
	author={Prof. Dr. Berend Denkena},
	title={Konstruktion, Gestaltung und Herstellung von Produkten II},
	type={Script},
	year={2017},
	institution={Institut für Fertigungstechnik und Werkzeugmaschinen}
}
@REPORT{bib:poll:kl3,
	author={Prof. Dr.-Ing Gerhard Poll},
	title={Konstruktionslehre III},
	type={Script},
	year={2017},
	institution={Institut für Maschinenkonstruktion und Tribologie}
}
@REPORT{bib:poll:kl4,
	author={Prof. Dr.-Ing Gerhard Poll},
	title={Konstruktionslehre IV},
	type={Script},
	year={2017},
	institution={Institut für Maschinenkonstruktion und Tribologie}
}
@REPORT{bib:DIN:743,
	author={Deutsches Institut für Normung e.V.},
	title={DIN 743-Tragfähigkeitsberechnung von Wellen und Achsen},
	type={DIN},
	year={2012},
	institution={Deutsches Institut für Normung e.V.}
}
